<record xmlns:xsi="http://www.w3.org/2001/XMLSchema-instance" xmlns="http://www.loc.gov/MARC21/slim" xsi:schemaLocation="http://www.loc.gov/MARC21/slim http://www.loc.gov/standards/marcxml/schema/MARC21slim.xsd">

  <leader>01474nab a22001697a 4500</leader>
  <controlfield tag="005">20160831155350.0</controlfield>
  <controlfield tag="008">150702b2001    cr f|||| |||| 00| 0 spa d</controlfield>
  <datafield ind1=" " ind2=" " tag="090">
    <subfield code="a">REVIS 06.02.01</subfield>
  </datafield>
  <datafield tag="100" ind2=" " ind1="1">
    <subfield code="9">254</subfield>
    <subfield code="a">Villarreal Montoya, Cecilia</subfield>
  </datafield>
  <datafield tag="245" ind1="1" ind2="3">
    <subfield code="a">La humanización de la familia:una responsabilidad educativa /</subfield>
    <subfield code="c"> Cecilia Villarreal M.</subfield>
  </datafield>
  <datafield ind2=" " ind1=" " tag="260">
    <subfield code="a">San José, Costa Rica :</subfield>
    <subfield code="b">Editorial Universidad de Costa Rica,</subfield>
    <subfield code="c">2001</subfield>
  </datafield>
  <datafield tag="300" ind2=" " ind1=" ">
    <subfield code="a">páginas 137-150</subfield>
  </datafield>
  <datafield ind2=" " ind1=" " tag="520">
    <subfield code="a">Este artículo recoge una experiencia de investigación cualitativa sobre los significados y las percepciones sobre la "familia", así como algunas de las vivencias que experimentan en sus hogares, adolescentes estudiantes de undécimo año de colegios públicos de la provincia de Heredia.
Los supuestos teóricos de partida ofrecen una alternativa novedosa para la comprensión de las familias como un espacio interaccional de relaciones, y de gran valor educativo en la construcción humana de mujeres y hombres. Desde su propia realidad, este grupo de jóvenes, deja entrever con claridad la concepción que tienen sobre su familia, las necesidades que ésta llena en sus vidas, las dificultades de la convivencia familiar, y sobre todo, el tipo de familia que les gustaría que fuera la propia</subfield>
  </datafield>
  <datafield tag="650" ind2="4" ind1="1">
    <subfield code="9">1</subfield>
    <subfield code="a">EDUCACIÓN</subfield>
  </datafield>
  <datafield tag="773" ind1="0" ind2=" ">
    <subfield code="d">San José, Costa Rica : Editorial de la Universidad de Costa Rica, 1997-</subfield>
    <subfield code="o">R0054</subfield>
    <subfield code="t">EDUCACIÓN: Revista de la Universidad de Costa Rica</subfield>
    <subfield code="g">Vol.25, no.1  (2001)</subfield>
  </datafield>
  <datafield tag="942" ind2=" " ind1=" ">
    <subfield code="2">z</subfield>
    <subfield code="c">10</subfield>
  </datafield>
  <datafield ind1=" " ind2=" " tag="999">
    <subfield code="c">2721</subfield>
    <subfield code="d">2721</subfield>
  </datafield>
</record>